<?xml version="1.0" encoding="UTF-8"?><collection xmlns="http://www.loc.gov/MARC21/slim"><record><leader>00415nam--2200133-i-4500</leader><controlfield tag="001">000043798</controlfield><controlfield tag="002">20161230</controlfield><controlfield tag="005">20161230201044</controlfield><controlfield tag="008">060222s1000------------r-----000-0-eng-d</controlfield><datafield ind1=" " ind2=" " tag="080"><subfield code="a">0015:577.1</subfield></datafield><datafield ind1=" " ind2=" " tag="100"><subfield code="a">Tauja-Chareyre, Jossette</subfield></datafield><datafield ind1=" " ind2=" " tag="245"><subfield code="a">Interaction des anions chlorure et chloracetate avec le serum albumine humaine a 25 0c. these</subfield></datafield><datafield ind1=" " ind2=" " tag="260"><subfield code="a">Languedoc, Univ.Des Sc.Et Techniques, 1972. 106 P</subfield></datafield><datafield ind1=" " ind2=" " tag="852"><subfield code="a">38154</subfield></datafield></record></collection>